%% This BibTeX bibliography file was created using BibDesk.
%% https://bibdesk.sourceforge.io/

%% Created for Ermenlace at 2022-05-08 13:15:32 -0700 


%% Saved with string encoding Unicode (UTF-8) 



@url{Radek,
	author = {Radek Ostrowski},
	date-added = {2022-05-08 13:13:00 -0700},
	date-modified = {2022-05-08 13:14:58 -0700},
	title = {Time-locked Wallets: An Introduction to Ethereum Smart Contracts},
	urldate = {https://www.toptal.com/ethereum-smart-contract/time-locked-wallet-truffle-tutorial}}
